@software{ortools,
    author={{Google}},
    title={Operations Research tools},
    version={5.0.3919},
    url="developers.google.com/optimization"
}

@software{openpyxl,
    author={Charlie Clark},
    title={OpenPyXL},
    version={2.4.1},
    url={http://openpyxl.readthedocs.io}
}

@software{neovim, 
    author={{Neovim Contributors}},
    title={Neovim},
    url={https://neovim.io}
}

@software{pyqt,
    author = {{Riverbank Computing}},
    title = {{PyQt}},
    url = {https://www.riverbankcomputing.com/software/pyqt}
}

@software{qtdesigner,
    author = {{The Qt Company}},
    title = {Qt Designer},
    url = {http://doc.qt.io/qt-5/qtdesigner-manual.html}
}

@online{generators,
    title={Generators},
    author={{Python Wiki}},
    url={https://wiki.python.org/moin/Generators}
}

